@article{mlTrain,
    author = {Tingxiang Fan and Pinxin Long and Wenxi Liu and Jia Pan},
    title ={Distributed multi-robot collision avoidance via deep reinforcement learning for navigation in complex scenarios},
    journal = {The International Journal of Robotics Research},
    volume = {39},
    number = {7},
    pages = {856-892},
    year = {2020},
    doi = {10.1177/0278364920916531}
}

@article{collectiveNav,
    title = {Collective navigation of a multi-robot system in an unknown environment},
    journal = {Robotics and Autonomous Systems},
    volume = {132},
    pages = {103604},
    year = {2020},
    issn = {0921-8890},
    doi = {10.1016/j.robot.2020.103604},
    url = {https://www.sciencedirect.com/science/article/pii/S0921889020304449},
    author = {Ertug Olcay and Fabian Schuhmann and Boris Lohmann},
    keywords = {Swarm intelligence, Cooperative control, Autonomous systems, Collective navigation},
}

@misc{silentSwarm,
      title={Decentralized and Communication-Free Multi-Robot Navigation through Distributed Games}, 
      author={Brian Reily and Terran Mott and Hao Zhang},
      year={2021},
      eprint={2012.09335},
      archivePrefix={arXiv},
      primaryClass={cs.RO},
      URL = {https://arxiv.org/abs/2012.09335}
}

@inproceedings{userControl,
    author = {Kim, Lawrence H. and Drew, Daniel S. and Domova, Veronika and Follmer, Sean},
    title = {User-Defined Swarm Robot Control},
    year = {2020},
    isbn = {9781450367080},
    publisher = {Association for Computing Machinery},
    address = {New York, NY, USA},
    doi = {10.1145/3313831.3376814},
    booktitle = {Proceedings of the 2020 CHI Conference on Human Factors in Computing Systems},
    pages = {1–13},
    numpages = {13},
    keywords = {swarm user interface, multi-robot control, swarm robot control, elicitation study, swarm robotics},
    location = {Honolulu, HI, USA},
    series = {CHI '20}
}

@misc{meanField,
      title={Model Predictive Mean Field Games for Controlling Multi-Agent Systems}, 
      author={Daisuke Inoue and Yuji Ito and Takahito Kashiwabara and Norikazu Saito and Hiroaki Yoshida},
      year={2021},
      eprint={2004.07994},
      archivePrefix={arXiv},
      primaryClass={math.OC},
      doi = {10.48550/arXiv.2004.07994}
}

@ARTICLE{adaptivePlanning,
    author={Bolu, Ali and Korçak, Ömer},
    journal={IEEE Access},
    title={Adaptive Task Planning for Multi-Robot Smart Warehouse},
    year={2021},
    volume={9},
    number={},
    pages={27346-27358},
    doi={10.1109/ACCESS.2021.3058190},
    url = {https://ieeexplore.ieee.org/document/9350546}
}

@ARTICLE{2DPlan,
    author={Yang, Bo and Li, Wentao and Wang, Jianrong and Yang, Jingjie and Wang, Tiantian and Liu, Xin},  
    journal={IEEE Access},   
    title={A Novel Path Planning Algorithm for Warehouse Robots Based on a Two-Dimensional Grid Model},   
    year={2020},  
    volume={8},  
    number={},  
    pages={80347-80357},  
    doi={10.1109/ACCESS.2020.2991076},
    url = {https://ieeexplore.ieee.org/document/9079867}
}

@ARTICLE{amazonChallenge,  
    author={Corbato, Carlos Hernández and Bharatheesha, Mukunda and van Egmond, Jeff and Ju, Jihong and Wisse, Martijn},  
    journal={IEEE Transactions on Industrial Informatics},   
    title={Integrating Different Levels of Automation: Lessons From Winning the Amazon Robotics Challenge 2016},   
    year={2018},  
    volume={14},  
    number={11},  
    pages={4916-4926},  
    doi={10.1109/TII.2018.2800744},
    url = {https://ieeexplore.ieee.org/document/8304784}
}

@ARTICLE{routeAGV,  
    author={Zhang, Zheng and Guo, Qing and Chen, Juan and Yuan, Peijiang},  
    journal={IEEE Access},   
    title={Collision-Free Route Planning for Multiple AGVs in an Automated Warehouse Based on Collision Classification},   
    year={2018},  
    volume={6},  
    number={},  
    pages={26022-26035},  
    doi={10.1109/ACCESS.2018.2819199}
}

@ARTICLE{cloudFullfillment,  
    author={Keung, K. L. and Lee, C. K. M. and Ji, P. and Ng, Kam K. H.},  
    journal={IEEE Access},   
    title={Cloud-Based Cyber-Physical Robotic Mobile Fulfillment Systems: A Case Study of Collision Avoidance},   
    year={2020},  
    volume={8},  
    number={},  
    pages={89318-89336},
    doi={10.1109/ACCESS.2020.2992475}
}

@ARTICLE{assistRobot,  
    author={De La Puente, Paloma and Fischinger, David and Bajones, Markus and Wolf, Daniel and Vincze, Markus},  
    journal={IEEE Access},   
    title={Grasping Objects From the Floor in Assistive Robotics: Real World Implications and Lessons Learned},   
    year={2019},  
    volume={7},  
    number={},  
    pages={123725-123735},  
    doi={10.1109/ACCESS.2019.2938366}
}

@ARTICLE{wheelchairPlan,  
    author={Jung, Yeontaek and Kim, Yoonjae and Lee, Woo Hyung and Bang, Moon Suk and Kim, Youdan and Kim, Sungwan},  
    journal={IEEE Access},   
    title={Path Planning Algorithm for an Autonomous Electric Wheelchair in Hospitals},   
    year={2020},  
    volume={8},  
    number={},  
    pages={208199-208213},  
    doi={10.1109/ACCESS.2020.3038452}
}

@ARTICLE{BIMExtension,  
    author={Xiang, Yusheng and Liu, Kailun and Su, Tianqing and Li, Jun and Ouyang, Shirui and Mao, Samuel S. and Geimer, Marcus},  
    journal={IEEE Access},   
    title={An Extension of BIM Using AI: A Multi Working-Machines Pathfinding Solution},   
    year={2021},  
    volume={9},  
    number={},  
    pages={124583-124599},  
    doi={10.1109/ACCESS.2021.3110937}
}

@misc{ros,
  title = {Robot Operating System Main Page},
  howpublished = {\url{https://ros.org/}},
  note = {Accessed: 2022-03-03}
}